@manual{rtree,
    author = {Antonin Guttman},
    year = {1984},
    title = {R-TREES. A DYNAMIC INDEX STRUCTURE FOR SPATIAL SEARCHING},
    url = {http://www-db.deis.unibo.it/courses/SI-LS/papers/Gut84.pdf}
}

@manual{rstar,
    author = {Norbert Beckmann and Hans-Peter Kriegel and Ralf Schneider and Bernhard Seeger},
    year = {1990},
    title = {The R*-tree: An Efficient and Robust Access Method for Points and Rectangles+},
    url = {https://dbs.mathematik.uni-marburg.de/publications/myPapers/1990/BKSS90.pdf}
}

@manual{oetiket2007lshort,
    author = {Oetiket, T. and Partl, H. and Hyna and Schlegl, E.},
    title = {The not-so-short introduction to Latex},
    url = {http://www.ctan.org/tex-archive/info/lshort/english/lshort.pdf}
}

@Manual{downes2002shortams,
  title = 	 {{Short Math Guide for \LaTeX{}}},
  author = 	 {Downes,, Michael},
  organization = {American Mathematical Society},
  year = 	 {2002},
  url = 	 {ftp://ftp.ams.org/pub/tex/doc/amsmath/short-math-guide.pdf}
}

@Book{ungar2002uvod,
  author = 	 {Šime Ungar},
  title = 	 {{Uvod u \TeX{} s naglaskom na \LaTeX 2$\epsilon$}},
  publisher = 	 {Odjel za matematiku, Sveučilište J.J.\ Strossmayera u Osijeku},
  year = 	 {2002}
}
